@game{spaceinvaders,
  title={Space Invaders},
  author={Nishikado, Tomohiro},
  year={1978},
  publisher={Taito},
  keywords={game}
}

@game{breakout,
  title={Breakout},
  author={Wozniak, Steve and Jobs, Steve},
  year={1976},
  publisher={Atari},
  keywords={game}
} 
